%FJSSP biblio
@book{Pinedo:2008:STA:1477600,
 author = {Pinedo, Michael L.},
 title = {Scheduling: Theory, Algorithms, and Systems},
 year = {2008},
 isbn = {0387789340, 9780387789347},
 edition = {3rd},
 publisher = {Springer Publishing Company, Incorporated},
}

@article{Bean1994RepRandomKeys,
author = {Bean, James C.},
title = {Genetic Algorithms and Random Keys for Sequencing and Optimization},
journal = {ORSA Journal on Computing},
volume = {6},
number = {2},
pages = {154-160},
year = {1994}
}

@ARTICLE{brandimarte1993,
  author =       {P. Brandimarte},
  title =        {Routing and scheduling in a flexible job shop by tabu search},
  journal =      {Annals of Operations Research},
  year =         {1993},
  volume =       {41},
  number =       {},
  pages =        {157-183},
  month =        {},
  note =         {},
  abstract =     {},
  keywords =     {},
  source =       {},
}


@article{Garey:1976:CFJ:2782828.2782830,
 author = {Garey, M. R. and Johnson, D. S. and Sethi, Ravi},
 title = {The Complexity of Flowshop and Jobshop Scheduling},
 journal = {Math. Oper. Res.},
 issue_date = {May 1976},
 volume = {1},
 number = {2},
 month = may,
 year = {1976},
 issn = {0364-765X},
 pages = {117--129},
 numpages = {13},
 acmid = {2782830},
 publisher = {INFORMS},
 address = {Institute for Operations Research and the Management Sciences (INFORMS), Linthicum, Maryland, USA},
 keywords = {NP-complete, computational complexity, jobshop scheduling},
}

@Article{Li2011,
author="Li, Jun-Qing and Pan, Quan-Ke and Suganthan, P. N. and Chua, T. J.",
title="A hybrid tabu search algorithm with an efficient neighborhood structure for the flexible job shop scheduling problem",
journal="The International Journal of Advanced Manufacturing Technology",
year="2011",
volume="52",
number="5",
pages="683-697",
}

@article{MINGYONG2010188,
title = "An improved differential evolution algorithm for vehicle routing problem with simultaneous pickups and deliveries and time windows",
journal = "Engineering Applications of Artificial Intelligence",
volume = "23",
number = "2",
pages = "188 - 195",
year = "2010",
author = "Lai Mingyong and Cao Erbao",
}

@article{tang2011,
title = "A Hybrid Algorithm for Flexible Job-Shop Scheduling Problem",
journal = "Procedia Engineering",
volume = "15",
number = "",
pages = "3678 - 3683",
year = "2011",
issn = "1877-7058",
author = "Jianchao Tang and Guoji Zhang and Binbin Lin and Bixi Zhang",
}

@Inbook{Wang2012,
author="Wang, Shengyao and Wang, Ling and Zhou, Gang and Xu, Ye",
editor="Huang, De-Shuang and Gan, Yong and Gupta, Phalguni and Gromiha, M. Michael",
title="An Estimation of Distribution Algorithm for the Flexible Job-Shop Scheduling Problem",
bookTitle="Advanced Intelligent Computing Theories and Applications. With Aspects of Artificial Intelligence: 7th International Conference, ICIC 2011, Zhengzhou, China, August 11-14, 2011, Revised Selected Papers",
year="2012",
publisher="Springer Berlin Heidelberg",
address="Berlin, Heidelberg",
pages="9--16",
}



@article{Wang2012917,
title = "A bi-population based estimation of distribution algorithm for the flexible job-shop scheduling problem ",
journal = "Computers \& Industrial Engineering ",
volume = "62",
number = "4",
pages = "917 - 926",
year = "2012",
note = "",
issn = "0360-8352",
author = "Ling Wang and Shengyao Wang and Ye Xu and Gang Zhou and Min Liu",

}

@ARTICLE{Yazdani2010,
  author =       {M. Yazdani and M. Amiri and M. Zandieh},
  title =        {Flexible job-shop scheduling with parallel variable neighborhood search algorithm},
  journal =      {Expert Systems with Applications},
  year =         {2010},
  volume =       {37},
  number =       {1},
  pages =        {678â687},
}


@ARTICLE{WANG2017,
  author =       {Lei Wang and Jingcao Cai and Ming Li and Zhihu Liu},
  title =        {Flexible Job Shop Scheduling Problem Using an Improved Ant Colony Optimization},
  journal =      {Scientific Programming},
  year =         {2017},
  volume =       {},
  number =       {},
  pages =        {1-11},
}


%algorithm biblio

@ARTICLE{Mastrolilli1996,
  author =       {M. Mastrolilli and L.M. Gambardella},
  title =        {Effective neighbourhood functions for the flexible job shop problem},
  journal =      {Journal of Scheduling},
  year =         {1996},
  number =       {3},
  pages =        {3â20},
}

@article{Vilcot2008398,
title = "A tabu search and a genetic algorithm for solving a bicriteria general job shop scheduling problem ",
journal = "European Journal of Operational Research ",
volume = "190",
number = "2",
pages = "398 - 411",
year = "2008",
note = "",
issn = "0377-2217",
author = "Geoffrey Vilcot and Jean-Charles Billaut",
}
@article{YUAN2013246,
title = "Flexible job shop scheduling using hybrid differential evolution algorithms",
journal = "Computers \& Industrial Eng.",
volume = "65",
number = "2",
pages = "246-260",
year = "2013",
author = "Yuan Yuan and Hua Xu",
}

@article{Zhang20091309,
title = "An effective hybrid particle swarm optimization algorithm for multi-objective flexible job-shop scheduling problem ",
journal = "Computers \& Industrial Engineering ",
volume = "56",
number = "4",
pages = "1309 - 1318",
year = "2009",
note = "",
issn = "0360-8352",
author = "Guohui Zhang and Xinyu Shao and Peigen Li and Liang Gao",

}

%SA
@ARTICLE{kirkpatrick1983,
  author =       {S. Kirkpatrick and C.D. Gelatt Jr and M.P. Vecchi},
  title =        {Optimization by simulated annealing},
  journal =      {Science},
  year =         {1983},
  number =       {220},
  pages =        {671-680},
}

@INPROCEEDINGS{Chakraborty2009,
author={Chakraborty, U.K.},
booktitle={Evolutionary Computation, 2009. CEC '09. IEEE Congress on},
title={Minimizing total flow time in permutation flow shop scheduling with improved simulated annealing},
year={2009},
month={May},
pages={158-165},
}

@article{Jaroslaw2013936,
title = "Optimizing Bicriteria Flow Shop Scheduling Problem by Simulated Annealing Algorithm ",
journal = "Procedia Computer Science ",
volume = "18",
number = "0",
pages = "936 - 945",
year = "2013",
note = "2013 International Conference on Computational Science ",
issn = "1877-0509",
author = "P. JarosÅaw and S. CzesÅaw and Å». Dominik",
}


%ILS
@INCOLLECTION{lourenco2002,
  AUTHOR =       "H. R. Louren\c{c}o and O. Martin and T. StÃ¼tzle",
  BOOKTITLE =        "Handbook of Metaheuristics",
  TITLE =      "Iterated local search",
  pages =        "321-353",
  PUBLISHER =    "Kluwer Academic Publishers",
  YEAR =         "2002",
}

@TECHREPORT{stutzle1999,
  AUTHOR =       "T. StÃ¼tzle",
  TITLE =        "Local search algorithms for combinatorial problems analysis, algorithms and new applications",
  INSTITUTION =  "DISKI Dissertationen zur KÃunstliken Intelligenz",
  YEAR =         "1999",
  address =      "Sankt Augustin, Germany",
}

@INBOOK{Hansen1999,
  author =       {P. Hansen and N. Mladenovi\'{c}},
  editor =       {S. Voss and S. Martello and I.H. Osman and C. Roucairol},
  title =        {Meta-Heuristics: advances and trends in local search paradigms for optimization},
  chapter =      {An introduction to variable neighborhood search},
  pages =        {433-â458},
  publisher =    {Kluwer Academic Publishers},
  year =         {1999},
}

@INBOOK{johnson2002,
  author =       {D.S. Johnson and L.A. McGeoch},
  editor =       {G. Gutin, A. Punnen},
  title =        {The traveling salesman problem and its variations},
  chapter =      {Experimental analysis of heuristics for the STSP},
  pages =        {369-â443},
  publisher =    {Kluwer Academic Publishers, Dordrecht, The Netherlands},
  year =         {2002},

}


@ARTICLE{naderi2010,
title = "Algorithms for a realistic variant of flowshop scheduling ",
journal = "Computers \& Operations Research ",
volume = "37",
number = "2",
pages = "236 - 246",
year = "2010",
note = "",
issn = "0305-0548",
author = "B. Naderi and R. Ruiz and M. Zandieh",
}

%GA
@ARTICLE{goldberg1989a,
  AUTHOR =       "D. Goldberg and B. Korb and K. Deb",
  TITLE =        "Messy Genetic Algorithms, motivation, analysis, and first results",
  JOURNAL =      "Complex Systems",
  YEAR =         "1989",
  volume =       "3",
  pages =        "493-530",
  file = F,
}

@INBOOK{Syswerda1991,
  author =       {G. Syswerda},
  title =        {Foundations of Genetic Algorithms},
  chapter =      {A Study of Reproduction in Generational and Steady-State Genetic Algorithms},
  pages =        {94--101},
  publisher =    {Morgan Kaufmann Publishers},
  year =         {1991},

}


@Book{holland75,
  author =       "J. H. Holland",
  title =        "Adaptation in Natural and Artificial Systems",
  publisher =    "The MIT Press",
  year =         "1975",
  address =      "Cambridge, Massachusetts",
  edition =      "First",
}
@BOOK{goldberg1999,
  author =       {D.E. Goldberg},
  editor =       {},
  title =        {Genetic Algorithms in Search, Optimization and Machine Learning},
  publisher =    {Addison-Wesley},
  year =         {1989},
}

@article{Pezzella20083202,
title = "A genetic algorithm for the Flexible Job-shop Scheduling Problem ",
journal = "Computers \& Operations Research ",
volume = "35",
number = "10",
pages = "3202 - 3212",
year = "2008",
note = "Part Special Issue: Search-based Software Engineering ",
issn = "0305-0548",
author = "F. Pezzella and G. Morganti and G. Ciaschetti",
}

@article{Zhang2011,
 author = {Zhang, Guohui and Gao, Liang and Shi, Yang},
 title = {An Effective Genetic Algorithm for the Flexible Job-shop Scheduling Problem},
 journal = {Expert Syst. Appl.},
 issue_date = {April, 2011},
 volume = {38},
 year = {2011},
 issn = {0957-4174},
 pages = {3563--3573},
 numpages = {11},
 acmid = {1922961},
 publisher = {Pergamon Press, Inc.},
 address = {Tarrytown, NY, USA},
}

@article{bierwirth1995,
    author = {Bierwirth, Christian},
    journal = {Operations-Research-Spektrum},
    citeulike-article-id = {14100873},
    keywords = {metaheuristics},
    pages = {87--92},
    posted-at = {2016-07-23 22:19:47},
    priority = {0},
    publisher = {Springer-Verlag},
    title = {{A generalized permutation approach to job shop scheduling with genetic algorithms}},
    volume = {17},
    year = {1995},
}

@Article{Mencia2014,
author="Menc{\'i}a, Ra{\'u}l and Sierra, Mar{\'i}a R. and Menc{\'i}a, Carlos and Varela, Ramiro",
title="A genetic algorithm for job-shop scheduling with operators enhanced by weak Lamarckian evolution and search space narrowing",
journal="Natural Computing",
year="2014",
volume="13",
number="2",
pages="179--192",
}


%ICA
@INPROCEEDINGS{ICA-original,
author={Atashpaz-Gargari, E. and Lucas, C.},
booktitle={Evolutionary Computation, 2007. CEC 2007. IEEE Congress on},
title={Imperialist competitive algorithm: An algorithm for optimization inspired by imperialistic competition},
year={2007},
month={Sept},
pages={4661-4667},
}

@article{Mohammadi2012,
title = "Imperialist competitive algorithm for solving non-convex dynamic economic power dispatch ",
journal = "Energy ",
volume = "44",
number = "1",
pages = "228 - 240",
year = "2012",
issn = "0360-5442",
author = "Behnam, M. and Abbas, R. and Alireza, S. and Mehdi E.",
}

@INPROCEEDINGS{minetti2015ICA,
  author =       {G. Minetti, G and C. Salto},
  title =        {Imperialist Competitive Algorithm for the Flowshop Problem},
  booktitle =    {Anales del {XXI} Congreso Argentino de Ciencias de la ComputaciÃ³n},
  year =         {2015},
  pages =        {1-10},
}

%CS
@INPROCEEDINGS{cuchooYang,
  author =       {X-S. Yang and S. Deb},
  title =        {Cuckoo search via {L}\'{e}vy flights},
  booktitle =    {Proceedings of the World Congress on Nature \& Biologically Inspired Computing ({NABIC} '09)},
  year =         {2009},
  pages =        {210-214},

}


@ARTICLE{cuckooYang1,
  author =       {Yang X-S, Deb S.},
  title =        {Engineering optimization by cuckoo search},
  journal =      {Int. Journal of Mathematical Modelling and Numerical Optimisation},
  year =         {2010},
  volume =       {1},
  pages =        {330-â343},
}

@INPROCEEDINGS{leccardi2005,
  author =       {M. Leccardi},
  title =        {Comparison of three algorithms for Levy noise generation},
  booktitle =    {Proceedings of Fifth {EUROMECH} Nonlinear Dynamics Conference},
  year =         {2005},
  pages =        {},
 }

@INPROCEEDINGS{Ouaarab2014,
  author =       {A. Ouaarab and B. Ahiod, X-S. Yang and M. Abbad},
  title =        {Discrete Cuckoo Search Algorithm for Job Shop Scheduling Problem},
  booktitle =    {2014 {IEEE} International Symposium on Intelligent Control ({ISIC}) Part of 2014 {IEEE} Multi-conference on Systems and Control},
  year =         {2014},
  pages =        {1872-1876},
}


%------ DE Bibliography


@INPROCEEDINGS{Gamperle02aparameter,
    author = {R. G\"amperle and S.D. M\"uller and P. Koumoutsakos},
    title = {A Parameter Study for Differential Evolution},
    booktitle = {WSEAS Int. Conf. on Advances in Intelligent Systems, Fuzzy Systems, Evolutionary Computation},
    year = {2002},
    pages = {293--298},
    publisher = {Press}
}

@book{Price:2005,
 author = {Price, Kenneth and Storn, Rainer M. and Lampinen, Jouni A.},
 title = {Differential Evolution: A Practical Approach to Global Optimization (Natural Computing Series)},
 year = {2005},
 isbn = {3540209506},
 publisher = {Springer-Verlag},
 address = {Berlin, Heidelberg},
} 

@article{Storn1997,
author="R. Storn and K. Price",
title="Differential Evolution -- A Simple and Efficient Heuristic for global Optimization over Continuous Spaces",
journal="Journal of Global Optimization",
year="1997",
volume="11",
number="4",
pages="341--359",
}

@book{Talbi,
 author = {Talbi, El-Ghazali},
 title = {Metaheuristics: From Design to Implementation},
 year = {2009},
 publisher = {Wiley},
} 

@book{OpenMP,
author ={B. Chapman and G. Jost and R. van der Pas},
title = {Using OpenMP: Portable Shared Memory Parallel Programming},
 year = {2007},
 publisher = {{MIT} Press},
} 
 
@book{albaMeta2005,
author ={E. Alba},
title = {Parallel Metaheuristics: A New Class of Algorithms},
year = {2005},
 publisher = {Wiley},
} 
 
 
@book{albaPEA2006,
author ={N. Nedjah and E. Alba and L. de Macedo Mourelle},
title = {Parallel Evolutionary Computations},
year = {2006},
 publisher = {Springer-Verla},
} 

@article{Teoh:2015:DE-CVRP,
 author = {Teoh, Boon and Ponnambalam, S. and Kanagaraj, G.},
 title = {Differential Evolution Algorithm with Local Search for Capacitated Vehicle Routing Problem},
 journal = {Int. J. Bio-Inspired Comput.},
 volume = {7},
 number = {5},
 year = {2015},
 pages = {321--342},
 publisher = {Inderscience Publishers},
 address = {Inderscience Publishers, Geneva, SWITZERLAND},
} 


@article{Hull:DE-StructuralOpt,
 author = {P. Hull and M. Tinker and G. Dozier},
 title = {Evolutionary optimization of a geometrically refined truss},
 journal = {Structural and Multidisciplinary Opt.},
 volume = {31},
 %number = {4},
 year = {2006},
 pages = {311-319},
} 

@article{GRECO20191,
title = "New few parameters differential evolution algorithm with application to structural identification",
journal = "Journal of Traffic and Transportation Engineering (English Edition)",
volume = "6",
number = "1",
pages = "1 - 14",
year = "2019",
author = "R. Greco and I. Vanzi",
}

@article{Rout2010,
 author = {K. Rout, R.K. Mittal},
 title = {Simultaneous selection of optimal parameters and tolerance of manipulator using evolutionary optimization techniques},
 journal = {Structural and Multidisciplinary Optimization},
 volume = {40},
 number = {1-6},
 year = {2010},
 pages = {513-528},
} 


@article{Nero2010,
 author = {F. Neri and V. Tirronen},
 title = {Recent advances in differential evolution: A survey and experimental analysis},
 journal = {Artificial Int. Review},
 volume = {33},
 number = {1-2},
 year = {2010},
 pages = {61–106},
} 

@Article{app8101945,
AUTHOR = {T. Eltaeib and Tarik and A. Mahmood},
TITLE = {Differential Evolution: A Survey and Analysis},
JOURNAL = {Applied Sciences},
VOLUME = {8},
YEAR = {2018},
NUMBER = {10},
ARTICLE-NUMBER = {1945},
}

@book{Luque:2013:PGA:2564896,
 author = {Luque, Gabriel and Alba, Enrique},
 title = {Parallel Genetic Algorithms: Theory and Real World Applications},
 year = {2013},
 isbn = {3642268684, 9783642268687},
 publisher = {Springer Publishing Company, Incorporated},
} 
@article{,
 author = {},
 title = {},
 journal = {},
 volume = {},
 number = {},
 year = {},
 pages = {},
} 